@misc{imbalanced1,
  title = {How to handle Imbalanced Classification Problems in machine learning?},
  
  author = {Anonymus},
  year = {2017},
  
  howpublished = {\url{https://www.analyticsvidhya.com/blog/2017/03/imbalanced-classification-problem/}},
  note = {Accessed: 08-20-2018}
}

@misc{imbalanced2,
  title = {Subsampling For Class Imbalances},
  
  author = {Max Kuhn},
  year = {2018},
  
  howpublished = {\url{https://topepo.github.io/caret/subsampling-for-class-imbalances.html}},
  note = {Accessed: 08-20-2018}
}

@article{imbalanced3,
	title = {On the Classification of Imbalanced Datasets},
	
	author = {C.V. KrishnaVeni, T. Sobha Rani},
	journal = {International Journal of Computer Science & Technology},
	issue_date = {December 2011},
	volume = {2},
	number = {1},
	month = dec,
	year = {2011},
	issn = {0976-8491},
	pages = {145--148},
	numpages = {4},
	
	url = {http://www.ijcst.com/icaccbie11/sp1/krishnaveni.pdf}
}

@misc{imbalanced4,
  title = {Dealing with Highly Imbalanced Classes in Classification Algorithms},
  
  author = {Daniel Bestard Delgado},
  year = {2017},
  
  howpublished = {\url{https://medium.com/bluekiri/dealing-with-highly-imbalanced-classes-7e36330250bc}},
  note = {Accessed: 08-20-2018}
}

@article{smote,
	title = {SMOTE: Synthetic Minority Over-sampling Technique},
	
	author = {Chawla, Nitesh V. and Bowyer, Kevin W. and Hall, Lawrence O. and Kegelmeyer, W. Philip},
	journal = {J. Artif. Int. Res.},
	issue_date = {January 2002},
	volume = {16},
	number = {1},
	month = jun,
	year = {2002},
	issn = {1076-9757},
	pages = {321--357},
	numpages = {37},
	
	url = {http://dl.acm.org/citation.cfm?id=1622407.1622416},
	acmid = {1622416},
	publisher = {AI Access Foundation},
	address = {USA}
} 

@misc{calibration1,
  title = {Overrepresentation - "SAS"-Oversampling},
  
  author = {Guido Deutsch},
  year = {2010},
  
  howpublished = {\url{http://www.data-mining-blog.com/tips-and-tutorials/overrepresentation-oversampling/}},
  note = {Accessed: 08-20-2018}
}

@inproceedings{calibration2,
  author    = {Andrea Dal Pozzolo and
               Olivier Caelen and
               Reid A. Johnson and
               Gianluca Bontempi},
  title     = {Calibrating Probability with Undersampling for Unbalanced Classification},
  booktitle = {{IEEE} Symposium Series on Computational Intelligence, {SSCI} 2015,
               Cape Town, South Africa, December 7-10, 2015},
  pages     = {159--166},
  year      = {2015},
  crossref  = {DBLP:conf/ssci/2015},
  url       = {https://doi.org/10.1109/SSCI.2015.33},
  doi       = {10.1109/SSCI.2015.33},
  timestamp = {Wed, 17 May 2017 01:00:00 +0200},
  biburl    = {https://dblp.org/rec/bib/conf/ssci/PozzoloCJB15},
  bibsource = {dblp computer science bibliography, https://dblp.org}
}

@Manual{tidyverse,
    title = {tidyverse: Easily Install and Load the 'Tidyverse'},
	
    author = {Hadley Wickham},
    year = {2017},
	
    note = {R package version 1.2.1},
    url = {https://CRAN.R-project.org/package=tidyverse}
}

@Manual{caret,
    title = {caret: Classification and Regression Training},
	
    author = {Max Kuhn. Contributions from Jed Wing and Steve Weston and Andre Williams and Chris Keefer and Allan Engelhardt and Tony Cooper and Zachary Mayer and Brenton Kenkel and the R Core Team and Michael Benesty and Reynald Lescarbeau and Andrew Ziem and Luca Scrucca and Yuan Tang and Can Candan and Tyler Hunt.},
    year = {2018},
	
    note = {R package version 6.0-80},
    url = {https://CRAN.R-project.org/package=caret}
}

@Book{DMwR,
    title = {Data Mining with R, learning with case studies},
	
    author = {L. Torgo},
    publisher = {Chapman and Hall/CRC},
    year = {2010},		
    
	url = {http://www.dcc.fc.up.pt/~ltorgo/DataMiningWithR},
}

@Article{glmnet,
    title = {Regularization Paths for Cox's Proportional Hazards Model via Coordinate Descent},
    
	author = {Noah Simon and Jerome Friedman and Trevor Hastie and Rob Tibshirani},
    journal = {Journal of Statistical Software},
    year = {2011},
    volume = {39},
    number = {5},
    pages = {1--13},
    
	url = {http://www.jstatsoft.org/v39/i05/}
}

@Manual{xgboost,
    title = {xgboost: Extreme Gradient Boosting},
    
	author = {Tianqi Chen and Tong He and Michael Benesty and Vadim Khotilovich and Yuan Tang and Hyunsu Cho and Kailong Chen and Rory Mitchell and Ignacio Cano and Tianyi Zhou and Mu Li and Junyuan Xie and Min Lin and Yifeng Geng and Yutian Li},
    year = {2018},
    
	note = {R package version 0.71.2},
    url = {https://CRAN.R-project.org/package=xgboost}
}

@Article{ranger,
    title = {{ranger}: A Fast Implementation of Random Forests for High Dimensional Data in {C++} and {R}},
	
    author = {Marvin N. Wright and Andreas Ziegler},
    journal = {Journal of Statistical Software},
    year = {2017},
    volume = {77},
    number = {1},
    pages = {1--17},
	
    doi = {10.18637/jss.v077.i01}
}